<record><leader>00000cas a22000007a 4500</leader><controlfield tag="001">11116539</controlfield><controlfield tag="008">840904c19319999njuwr ne      0    0eng  </controlfield><controlfield tag="009">466</controlfield><datafield ind1=" " ind2=" " tag="010"><subfield code="a">sn 84020556 </subfield></datafield><datafield ind1=" " ind2=" " tag="040"><subfield code="a">DLC</subfield><subfield code="b">eng</subfield><subfield code="c">DLC</subfield><subfield code="d">NPX</subfield><subfield code="d">NPA</subfield><subfield code="d">NJW</subfield><subfield code="d">DLC</subfield><subfield code="d">OCLCQ</subfield></datafield><datafield ind1="1" ind2=" " tag="029"><subfield code="a">AU@</subfield><subfield code="b">000026222172</subfield></datafield><datafield ind1=" " ind2=" " tag="042"><subfield code="a">msc</subfield></datafield><datafield ind1="0" ind2="0" tag="050"><subfield code="a">Newspaper</subfield></datafield><datafield ind1="0" ind2="0" tag="245"><subfield code="a">Somerset messenger gazette.</subfield></datafield><datafield ind1=" " ind2=" " tag="260"><subfield code="a">Somerville, N.J. :</subfield><subfield code="b">Somerset Press,</subfield><subfield code="c">1931-</subfield></datafield><datafield ind1=" " ind2=" " tag="300"><subfield code="a">v. :</subfield><subfield code="b">ill. ;</subfield><subfield code="c">61 cm.</subfield></datafield><datafield ind1=" " ind2=" " tag="310"><subfield code="a">Weekly,</subfield><subfield code="b">Feb. 5, 1942-</subfield></datafield><datafield ind1=" " ind2=" " tag="321"><subfield code="a">Semiweekly,</subfield><subfield code="b">&lt;June 16, 1933&gt;-Jan. 30, 1942</subfield></datafield><datafield ind1="0" ind2=" " tag="362"><subfield code="a">Vol. 1, no. 1 (Jan. 6, 1931)-</subfield></datafield><datafield ind1=" " ind2=" " tag="500"><subfield code="a">Independent. Cf. Ayer, 1983.</subfield></datafield><datafield ind1=" " ind2=" " tag="580"><subfield code="a">Formed by the union of: Somerset messenger, and: Unionist-gazette, and: Somerset Democrat (Somerville, N.J.).</subfield></datafield><datafield ind1=" " ind2=" " tag="752"><subfield code="a">United States</subfield><subfield code="b">New Jersey</subfield><subfield code="c">Somerset</subfield><subfield code="d">Somerville.</subfield></datafield><datafield ind1="1" ind2="4" tag="780"><subfield code="t">Somerset messenger</subfield><subfield code="w">(DLC)sn 84026263</subfield><subfield code="w">(OCoLC)10362248</subfield></datafield><datafield ind1="1" ind2="4" tag="780"><subfield code="t">Unionist-gazette</subfield><subfield code="w">(DLC)sn 84020537</subfield><subfield code="w">(OCoLC)11108735</subfield></datafield><datafield ind1="1" ind2="4" tag="780"><subfield code="t">Somerset Democrat (Somerville, N.J.)</subfield><subfield code="w">(DLC)sn 85035790</subfield><subfield code="w">(OCoLC)12146644</subfield></datafield></record>